<?xml version="1.0" encoding="UTF-8"?><collection xmlns="http://www.loc.gov/MARC21/slim"><record><leader>00483nam--2200193-u-4500</leader><controlfield tag="001">000055786</controlfield><controlfield tag="002">20161230</controlfield><controlfield tag="005">20161230201052</controlfield><controlfield tag="008">130418s1000------------r-----000-0-eng-d</controlfield><datafield ind1=" " ind2=" " tag="020"><subfield code="a">0192806289</subfield></datafield><datafield ind1=" " ind2=" " tag="040"><subfield code="a">IFIN-HH</subfield></datafield><datafield ind1=" " ind2=" " tag="080"><subfield code="a">53(038)=111</subfield></datafield><datafield ind1="1" ind2=" " tag="100"><subfield code="a">Daintith, John</subfield></datafield><datafield ind1="1" ind2="0" tag="245"><subfield code="a">A dictionary of physics</subfield><subfield code="c">John daintith (ed.)</subfield></datafield><datafield ind1=" " ind2=" " tag="250"><subfield code="a">Fifth Edition</subfield></datafield><datafield ind1=" " ind2=" " tag="260"><subfield code="a">Oxford</subfield><subfield code="b">Univerasity Press</subfield><subfield code="c">2005</subfield></datafield><datafield ind1=" " ind2=" " tag="300"><subfield code="a">586P</subfield></datafield><datafield ind1=" " ind2=" " tag="852"><subfield code="a">D701</subfield><subfield code="c">SLF</subfield></datafield><datafield ind1=" " ind2=" " tag="CAT"><subfield code="a">Sys</subfield><subfield code="c">20130418</subfield><subfield code="h">110648</subfield></datafield></record></collection>